@inproceedings{smoothie,
 author = {Eric Chan and Fr\'edo Durand},
 title = {Rendering Fake Soft Shadows with Smoothies},
 booktitle = {Proceedings of the Eurographics Symposium on Rendering},
 year = {2003},
 pages = {208--218},
 location = {Leuven, Belgium},
 publisher = {Eurographics Association},
 }


@Article{williams,
 author = {Williams, Lance},
 title = {Casting curved shadows on curved surfaces},
 journal = {SIGGRAPH Comput. Graph.},
 issue\_date = {August 1978},
 volume = {12},
 number = {3},
 month = aug,
 year = {1978},
 issn = {0097-8930},
 pages = {270--274},
 numpages = {5},
 url = {http://doi.acm.org/10.1145/965139.807402},
 doi = {10.1145/965139.807402},
 acmid = {807402},
 publisher = {ACM},
 address = {New York, NY, USA},
 keywords = {Computer animation, Computer graphics, Hidden surface algorithms, Shadows},
}